@Misc{Grigerova2020,
	author = {Andrea GRIGEROVÁ},
	title = {Výběr fontu v kostce (vlastně pyramidě)},
	howpublished = {[online]},
	year = {rev 19. duben 2020},
	note = {[vid. 2021-04-19]},
	url = {https://psychologiefontu.cz/vyber-fontu-v-kostce},
}

@Misc{Marcikova2020,
	author = {Veronika MARČÍKOVÁ},
	title = {10 pravidel webové typografie, které by měl každý znát},
	howpublished = {[online]},
	year = {rev. 12. květen 2020},
	note = {[vid. 2021-04-19]},
	url = {https://blog.aira.cz/10-pravidel-webove-typografie-ktere-mel-kazdy-znat},
}

@Misc{Brda2016,
	author = {Jiří BRDA},
	title = {10 zásad webové typografie},
	howpublished = {[online]},
	year = {rev 14. duben 2016},
	note = {[vid. 2021-04-19]},
	url = {http://www.jiribrda.cz/10-zasad-webove-typografie.html},
}


@InBook{Saltz2010,
	author = {SALTZ, Ina},
	title = {Základy typografie: 100 principů pro práci s písmem},
	chapter = {Pravidlo tří fontů},
	publisher = {Slovart},
	address = {Praha},
	pages = {1\,--\,2},
	year = {2010},
	ISBN = {978-80-7391-404-2},
}

@InBook{Hruby2003,
	author = {Jarolav HRUBÝ},
	title = {Introduction to computer typography
textbook},
	chapter = {Introduction to computer typography},
	publisher = {Federation of Parents and Friends of Hearing Impaired},
	address = {Prague},
	pages = {98\,--\,99},
	year = {2003},
	ISBN = {80-86792-04-8},
}

@Article{Anonymous2004,
	author = {ANONYMOUS},
	title = {Online type tips: how the pros create great web typography},
	journal = {Step Inside Design},
	volume = {20},
	number = {3},
	pages = {112\,--\,115},
	year = {2008},
	ISSN = {15402436},
}

@Article{Kupferschmidt2015,
	author = {KUPFERSCHMID Indra},
	title = {Improving Everyone's Reading Experience: The Essentials of Web Typography},
	journal = {Print},
	volume = {69},
	number = {1},
	pages = {37},
	year = {2015},
	ISSN = {00328510},
}

@Article{Pecina2015,
	author = {Martin PECINA},
	title = {Improving Everyone's Reading Experience: The Essentials of Web Typography},
	journal = {Zpravodaj Československého sdružení uživatelů TEXu},
	volume = {25},
	number = {3\,--\,4},
	pages = {98\,--\,103},
	year = {2015},
	ISSN = {1211-6661},
}

@MastersThesis{Uhlirova2016,
	author = {Martina UHLÍŘOVÁ},
	title = {Typografie web designu},
	school = {UNIVERZITA KARLOVA V PRAZE.
Filozofická fakulta.
Ústav informačních studií a knihovnictví},
	year = {2016},
	type = {Diplomová práce},
}

@MastersThesis{Cecetka2010,
	author = {Michael ČEČETKA},
	title = {Typografie na webech malých podniků
v České republice},
	school = {Vysoká škola ekonomická v Praze. 
Fakulta informatiky a statistiky. 
Katedra informačních technologií},
	year = {2010},
	type = {Bakalářská práce},
}

